@inproceedings{bhat:hara:goes:2010,
        author = {Bhat, K.S. and Haran, M. and Goes, M.},
        title = {Computer Model Calibration with Multivariate Spatial Output: A Case Study},
        booktitle = {Frontiers of Statistical Decision Making and Bayesian Analysis},
        year = {2010},
        editor= {Chen, M.-H. and MÃ¼ller, P. and Sun, D. and Ye, K. and Dey, D.K.},
        pages = {168--184},
        publisher = {New York: Springer-Verlag}
    }
