@article{hara:bhat:moli:dewo:2009,
 author = {Haran, M. and Bhat, K.S. and Molineros, J. and De Wolf, E.},
 title =  {{E}stimating the risk of a crop epidemic from coincident spatiotemporal processes},
 journal = {{\rm accepted for publication in \/} The Journal of Agricultural, Biological \& Environmental Statistics, DOI: 10.1198/jabes.2009.08006},
 year = {2009},
}
