@article {FlHaJo2008,
    AUTHOR = {James M. Flegal, Murali Haran, Galin L. Jones},
     TITLE = {Markov Chain Monte Carlo: Can We Trust the Third Significant Figure?},
   JOURNAL = {Statist. Sci.},
  FJOURNAL = {Statistical Science},
      YEAR = {2008},
    VOLUME = {23},
    NUMBER = {2},
     PAGES = {250-260},
      ISSN = {0883-4237},
       DOI = {10.1214/08-STS257},
     ARXIV = {math/0703746},
      SICI = {0883-4237(2008)23:2<250:MCMCCW>2.0.CO;2-D},
}
