@article{hugh:hara:cara:2010,
    author = {John Hughes and Murali Haran and Petrutza Caragea}, 
    title = {{Autologistic Models for Binary Data on a Lattice}},
    journal = {Environmetrics ({\rm to appear})},
    year=2010
}
