@article{Jone:Hara:Caff:Neat:fixe:2006,
    author = {Jones, Galin L. and Haran, Murali and Caffo, Brian S. and Neath, Ronald},
    title = {Fixed-width Output Analysis for {M}arkov {C}hain {M}onte {C}arlo},
    year = {2006},
    journal = {Journal of the American Statistical Association},
    volume = {101},
    number = {476},
    pages = {1537--1547},
    keywords = {BATCH MEANS; Geometric ergodicity; Markov chain; monte carlo central limit theorem; Regeneration}
}
