@techreport{dori:bhat:hara:kell:2009,
 author =  {Dorin,J.N. and Bhat, K.S. and Haran, M. and Keller, K.}, 
 title = {Analyzing changes in the Atlantic Meridional Overturning Circulation Using Oceanic Oxygen and Chlorofluorocarbon observations},
 address = {Department of Geosciences},
 institution = {Pennsylvania State University},
 year = 2009
}
