@techreport{tibb:hara:liec:2009,
 author =  {Tibbits, M.M. and Haran, M. and Liechty, J.C.}, 
 title = {Parallel multivariate slice sampling},
 address = {Department of Statistics},
 institution = {Pennsylvania State University},
 year = 2009
}
