@inproceedings{hara:carl:adga:2002,
    author = {Haran, M and Carlin, B.P. and Adgate, J.L. and Ramachandran, G. and Waller, L.A. and Gelfand, A.E.},
    title = {Hierarchical {B}ayes models for relating particular matter exposure measures},
    year = 2002,
    booktitle = {Case Studies in Bayesian Statistics Volume VI},
    pages = {239-254},
    publisher = {Springer-Verlag Inc},
}
