@article{haran2005act,
  title={{Applying classification techniques to remotely-collected program execution data}},
  author={Haran, M. and Karr, A. and Orso, A. and Porter, A. and Sanil, A.},
  journal={ACM SIGSOFT Software Engineering Notes},
  volume={30},
  number={5},
  pages={146--155},
  year={2005},
  publisher={ACM New York, NY, USA}
}
