@inproceedings{hara:2011,
   author = {Haran, M.},
   title = {Gaussian random field models for spatial data},
   year = 2011,
   booktitle = {Markov chain {M}onte {C}arlo Handbook Eds. Brooks,
  S.P., Gelman, A.E. Jones,  G.L. and Meng, X.L.},
   pages = {449-478},
   publisher = {Chapman and {H}all/{CRC}},
   keywords = {Gaussian fields}
}
