@article{recta2012two,
  title={A two-stage model for incidence and prevalence in point-level spatial count data},
  author={Recta, Virginia and Haran, Murali and Rosenberger, James L},
  journal={Environmetrics},
  volume={23},
  number={2},
  pages={162--174},
  year={2012},
  publisher={Wiley Online Library}
}
